% Encoding: UTF-8

@Article{Fraga2021,
  author     = {Luis Gerardo De la Fraga and Cuauhtemoc Mancillas-L{\'{o}}pez and Esteban Tlelo-Cuautle},
  journal    = {Nonlinear Dynamics},
  title      = {Designing an authenticated Hash function with a 2D chaotic map},
  year       = {2021},
  month      = {may},
  number     = {4},
  pages      = {4569--4580},
  volume     = {104},
  doi        = {10.1007/s11071-021-06491-3},
  file       = {:bibliografia/01.DeLaFraga-2021-Designing_an_authenticated_hash_function_with_a_2D_chaotic_map.pdf:PDF},
  groups     = {Añadidos a tesis},
  printed    = {printed},
  publisher  = {Springer Science and Business Media {LLC}},
  readstatus = {read},
  timestamp  = {2021-12-01},
}

@Article{Vaidyanathan2021,
  author     = {Sundarapandian Vaidyanathan and Aceng Sambas and Bassem Abd-El-Atty and Ahmed A. Abd El-Latif and Esteban Tlelo-Cuautle and Omar Guillen-Fernandez and Mustafa Mamat and Mohamad Afendee Mohamed and Murat Alcin and Murat Tuna and Ihsan Pehlivan and Ismail Koyuncu and Mohd Asrul Hery Ibrahim},
  journal    = {{IEEE} Access},
  title      = {A 5-D Multi-Stable Hyperchaotic Two-Disk Dynamo System With No Equilibrium Point: Circuit Design, {FPGA} Realization and Applications to {TRNGs} and Image Encryption},
  year       = {2021},
  pages      = {81352--81369},
  volume     = {9},
  doi        = {10.1109/access.2021.3085483},
  file       = {:bibliografia/03.Vaidyanathan-2021-A_5-D_Multi-Stable_Hyperchaotic_Two-Disk_Dynamo_System_With_No_Equilibrium_Point_Circuit_Design_FPGA_Realization_and_Applications_to_TRNGs_and_Image_Encryption.pdf:PDF},
  groups     = {Añadidos a tesis},
  printed    = {printed},
  publisher  = {Institute of Electrical and Electronics Engineers ({IEEE})},
  readstatus = {read},
  timestamp  = {2021-12-03},
}

@Article{Anandakumar2020,
  author     = {N. Nalla Anandakumar and Somitra Kumar Sanadhya and Mohammad S. Hashmi},
  journal    = {{IEEE} Transactions on Circuits and Systems {II}: Express Briefs},
  title      = {{FPGA}-Based True Random Number Generation Using Programmable Delays in Oscillator-Rings},
  year       = {2020},
  month      = {mar},
  number     = {3},
  pages      = {570--574},
  volume     = {67},
  doi        = {10.1109/tcsii.2019.2919891},
  file       = {:bibliografia/04.Nalla-2020-fpga_based_true_random_number_generation_using_programmable_delays_in_oscillator_rings_.pdf:PDF},
  groups     = {Añadidos a tesis},
  printed    = {printed},
  publisher  = {Institute of Electrical and Electronics Engineers ({IEEE})},
  readstatus = {read},
  timestamp  = {2021-12-04},
}

@Article{Fraga2017,
  author     = {Luis Gerardo de la Fraga and Esteban Torres-P{\'{e}}rez and Esteban Tlelo-Cuautle and Cuauhtemoc Mancillas-L{\'{o}}pez},
  journal    = {Nonlinear Dynamics},
  title      = {Hardware implementation of pseudo-random number generators based on chaotic maps},
  year       = {2017},
  month      = {aug},
  number     = {3},
  pages      = {1661--1670},
  volume     = {90},
  doi        = {10.1007/s11071-017-3755-z},
  file       = {:bibliografia/02.DeLaFraga-2017-hardware_implementation_of_pseudo-random_number_generators_based_on_chaotic_maps.pdf:PDF},
  groups     = {Añadidos a tesis},
  printed    = {printed},
  publisher  = {Springer Science and Business Media {LLC}},
  readstatus = {read},
  timestamp  = {2021-12-02},
}

@Article{Jun1999,
  author     = {B. Jun and P. Kocher},
  journal    = {Cryptography Res. Inc., San Francisco, CA, USA},
  title      = {The Intel Random Number Generator},
  year       = {1999},
  file       = {:bibliografia/05.B_Jun_and_P_Kocher-1999-The_intel_random_number_generator_cryptography_res_inc_san_francisco_ca_usa.pdf:PDF},
  groups     = {Añadidos a tesis, Cita agregada},
  printed    = {printed},
  readstatus = {read},
  timestamp  = {2021-12-05},
}

@Article{Wang2021,
  author     = {Xinyu Wang and Huaguo Liang and Yanjie Wang and Liang Yao and Yang Guo and Maoxiang Yi and Zhengfeng Huang and Haochen Qi and Yingchun Lu},
  journal    = {{IEEE} Transactions on Circuits and Systems I: Regular Papers},
  title      = {High-Throughput Portable True Random Number Generator Based on Jitter-Latch Structure},
  year       = {2021},
  month      = {feb},
  number     = {2},
  pages      = {741--750},
  volume     = {68},
  doi        = {10.1109/tcsi.2020.3037173},
  file       = {:bibliografia/06.Wang-2021-high_throughput_portable_true_random_number_generator_based_on_jitter-latch_structure.pdf:PDF},
  groups     = {Añadidos a tesis},
  printed    = {printed},
  publisher  = {Institute of Electrical and Electronics Engineers ({IEEE})},
  readstatus = {read},
  timestamp  = {2021-12-06},
}

@Article{Peetermans2021,
  author     = {Adriaan Peetermans and Vladimir Ro{\v{z}}i{\'{c}} and Ingrid Verbauwhede},
  journal    = {{ACM} Transactions on Reconfigurable Technology and Systems},
  title      = {Design and Analysis of Configurable Ring Oscillators for True Random Number Generation Based on Coherent Sampling},
  year       = {2021},
  month      = {jun},
  number     = {2},
  pages      = {1--20},
  volume     = {14},
  doi        = {10.1145/3433166},
  file       = {:bibliografia/07.Adriaan-Peetermans-2021-design_and_analysis_of_configurable_ring_oscillators_for_true_random_number_generation_based_on_coherent_sampling.pdf:PDF},
  groups     = {Añadidos a tesis},
  printed    = {printed},
  publisher  = {Association for Computing Machinery ({ACM})},
  readstatus = {read},
  timestamp  = {2021-12-07},
}

@InProceedings{Petura2016,
  author     = {Oto Petura and Ugo Mureddu and Nathalie Bochard and Viktor Fischer and Lilian Bossuet},
  booktitle  = {2016 26th International Conference on Field Programmable Logic and Applications ({FPL})},
  title      = {A survey of {AIS}-20/31 compliant {TRNG} cores suitable for {FPGA} devices},
  year       = {2016},
  month      = {aug},
  publisher  = {{IEEE}},
  doi        = {10.1109/fpl.2016.7577379},
  file       = {:bibliografia/08.Oto Petura-2016-A_survey_of_AIS_compliant_TRNG_cores_suitable_for_FPGA_devices.pdf:PDF},
  groups     = {Añadidos a tesis, Cita agregada},
  printed    = {printed},
  readstatus = {read},
  timestamp  = {2021-12-08},
}

@Article{Sprott1993,
  author     = {J.C. Sprott},
  journal    = {Computers {\&} Graphics},
  title      = {Automatic generation of strange attractors},
  year       = {1993},
  month      = {may},
  number     = {3},
  pages      = {325--332},
  volume     = {17},
  doi        = {10.1016/0097-8493(93)90082-k},
  file       = {:bibliografia/09.Sprott-1993-automatic_generation_of_strange_attractors.pdf:PDF},
  groups     = {Añadidos a tesis},
  printed    = {printed},
  publisher  = {Elsevier {BV}},
  readstatus = {read},
  timestamp  = {2021-12-09},
}

@Book{Knuth1973,
  author    = {Knuth, Donald},
  publisher = {Addison-Wesley Pub. Co},
  title     = {The art of computer programming},
  year      = {1973},
  address   = {Reading, Mass},
  isbn      = {9780201896848},
}

@InCollection{Haddad2015,
  author     = {Patrick Haddad and Viktor Fischer and Florent Bernard and Jean Nicolai},
  booktitle  = {Lecture Notes in Computer Science},
  publisher  = {Springer Berlin Heidelberg},
  title      = {A Physical Approach for Stochastic Modeling of {TERO}-Based {TRNG}},
  year       = {2015},
  pages      = {357--372},
  doi        = {10.1007/978-3-662-48324-4_18},
  file       = {:bibliografia/10.Haddad-2015-A_Physical_Approach_for_Stochastic_Modeling_of_TERO-Based_TRNG.pdf:PDF},
  groups     = {Añadidos a tesis},
  printed    = {printed},
  readstatus = {read},
  timestamp  = {2021-12-10},
}

@Book{Dolecek2012,
  author    = {Dolecek, Gordana Jovanovic},
  publisher = {Springer-Verlag GmbH},
  title     = {Random Signals and Processes Primer with MATLAB},
  year      = {2012},
  isbn      = {9781461423867},
  month     = aug,
  ean       = {9781461423867},
  pagetotal = {530},
  url       = {https://www.ebook.de/de/product/19869084/gordana_jovanovic_dolecek_random_signals_and_processes_primer_with_matlab.html},
}

@Article{Baudet2010,
  author     = {Mathieu Baudet and David Lubicz and Julien Micolod and Andr{\'{e}} Tassiaux},
  title      = {On the Security of Oscillator-Based Random Number Generators},
  year       = {2010},
  month      = {oct},
  number     = {2},
  pages      = {398--425},
  volume     = {24},
  doi        = {10.1007/s00145-010-9089-3},
  file       = {:bibliografia/11.Baudet-2010-On_the_Security_of_Oscillator-Based_Random_Number_Generators.pdf:PDF},
  groups     = {Añadidos a tesis},
  printed    = {printed},
  publisher  = {Springer Science and Business Media {LLC}},
  readstatus = {read},
  timestamp  = {2021-12-11},
}

@InCollection{Varchola2010,
  author     = {Michal Varchola and Milos Drutarovsky},
  publisher  = {Springer Berlin Heidelberg},
  title      = {New High Entropy Element for {FPGA} Based True Random Number Generators},
  year       = {2010},
  pages      = {351--365},
  doi        = {10.1007/978-3-642-15031-9_24},
  file       = {:bibliografia/12.Michal_Varchola-2010-New_High_Entropy_Element_for_FPGA_Based_True_Random_Number_Generators.pdf:PDF},
  groups     = {Añadidos a tesis},
  printed    = {printed},
  readstatus = {read},
  timestamp  = {2021-12-12},
}

@Article{Fischer2019,
  author     = {Viktor Fischer and Florent Bernard and Nathalie Bochard},
  journal    = {it - Information Technology},
  title      = {Modern random number generator design {\textendash} Case study on a secured {PLL}-based {TRNG}},
  year       = {2019},
  month      = {jan},
  number     = {1},
  pages      = {3--13},
  volume     = {61},
  doi        = {10.1515/itit-2018-0025},
  file       = {:bibliografia/13.Viktor_Fischer-2019-Modern_random_number_generator_design.pdf:PDF},
  groups     = {Añadidos a tesis},
  printed    = {printed},
  publisher  = {Walter de Gruyter {GmbH}},
  readstatus = {read},
  timestamp  = {2021-12-13},
}

@InProceedings{Choi2021,
  author     = {Soyeon Choi and Yerin Shin and Hoyoung Yoo},
  booktitle  = {2021 International Conference on Electronics, Information, and Communication ({ICEIC})},
  title      = {Analysis of Ring-Oscillator-based True Random Number Generator on {FPGAs}},
  year       = {2021},
  month      = {jan},
  publisher  = {{IEEE}},
  doi        = {10.1109/iceic51217.2021.9369714},
  file       = {:bibliografia/14.Choi_Soyeon-2021-Analysis_of_Ring_Oscillator-based_True_Random_Number_Generator_on_FPGAs.pdf:PDF},
  groups     = {Añadidos a tesis},
  printed    = {printed},
  readstatus = {read},
  timestamp  = {2021-12-14},
}

@Article{GarciaGrimaldo2021,
  author     = {Claudio Garc{\'{\i}}a-Grimaldo and Eric Campos},
  journal    = {International Journal of Bifurcation and Chaos},
  title      = {Chaotic Features of a Class of Discrete Maps without Fixed Points},
  year       = {2021},
  month      = {oct},
  number     = {13},
  volume     = {31},
  doi        = {10.1142/s021812742150200x},
  file       = {:bibliografia/15.Garcia_Grimaldo-2021-Chaoric_feaures_of_a_class_of_discrete.pdf:PDF},
  groups     = {Añadidos a tesis},
  printed    = {printed},
  publisher  = {World Scientific Pub Co Pte Ltd},
  readstatus = {read},
  timestamp  = {2021-12-15},
}

@Article{Sivaraman2020,
  author     = {Rethinam Sivaraman and Sundararaman Rajagopalan and John Bosco Balaguru Rayappan and Rengarajan Amirtharajan},
  journal    = {{IET} Image Processing},
  title      = {Ring oscillator as confusion {\textendash} diffusion agent: a complete {TRNG} drove image security},
  year       = {2020},
  month      = {oct},
  number     = {13},
  pages      = {2987--2997},
  volume     = {14},
  doi        = {10.1049/iet-ipr.2019.0168},
  file       = {:bibliografia/16.Silvaram-2020-Ring_oscillator_as_conffusion.pdf:PDF},
  groups     = {Añadidos a tesis},
  printed    = {printed},
  publisher  = {Institution of Engineering and Technology ({IET})},
  readstatus = {read},
  timestamp  = {2021-12-16},
}

@Book{JoanDaemen2020,
  author     = {Joan Daemen, Vincent Rijmen},
  publisher  = {Springer-Verlag GmbH},
  title      = {The Design of Rijndael},
  year       = {2020},
  month      = may,
  ean        = {9783662607695},
  file       = {:bibliografia/17.Daemen_Rijmen-2020-The_Design_Of_Rijndael.pdf:PDF},
  groups     = {Añadidos a tesis},
  pagetotal  = {282},
  readstatus = {read},
  timestamp  = {2021-12-17},
  url        = {https://www.ebook.de/de/product/39174702/joan_daemen_vincent_rijmen_the_design_of_rijndael.html},
}

@InCollection{Fischer2003,
  author    = {Viktor Fischer and Milo{\v{s}} Drutarovsk{\'{y}}},
  booktitle = {Cryptographic Hardware and Embedded Systems - {CHES} 2002},
  publisher = {Springer Berlin Heidelberg},
  title     = {True Random Number Generator Embedded in Reconfigurable Hardware},
  year      = {2003},
  pages     = {415--430},
  doi       = {10.1007/3-540-36400-5_30},
  file      = {:bibliografia/18.Fischer_Drutarovsky-2003-Chapter_TrueRandomNumberGeneratorEmbed.pdf:PDF},
  groups    = {Añadidos a tesis},
  timestamp = {2021-12-18},
}

@Article{Bernard2018,
  author     = {Florent Bernard and Patrick Haddad and Viktor Fischer and Jean Nicolai},
  journal    = {Journal of Cryptology},
  title      = {From Physical to Stochastic Modeling of a {TERO}-Based {TRNG}},
  year       = {2018},
  month      = {mar},
  number     = {2},
  pages      = {435--458},
  volume     = {32},
  doi        = {10.1007/s00145-018-9291-2},
  file       = {:bibliografia/19.Bernard-2019-FromPhysicalToStochasticModeli.pdf:PDF},
  groups     = {Añadidos a tesis},
  publisher  = {Springer Science and Business Media {LLC}},
  readstatus = {read},
  timestamp  = {2021-12-19},
}

@Book{Badrignans2011,
  editor     = {Benoit Badrignans and Jean Luc Danger and Viktor Fischer and Guy Gogniat and Lionel Torres},
  publisher  = {Springer Netherlands},
  title      = {Security Trends for {FPGAS}},
  year       = {2011},
  doi        = {10.1007/978-94-007-1338-3},
  file       = {:bibliografia/20.Fisher-2011-SecurityTrendsForFPGAS.pdf:PDF},
  groups     = {Añadidos a tesis, Cita agregada},
  readstatus = {read},
  timestamp  = {2021-12-20},
}

@Article{Laban2016,
  author     = {Laban, Marek and {Milos Drutarovsky} and Fischer, Viktor and Varchola, Michal},
  title      = {Platform For Testing And Evaluation Of Puf And Trng Implementations In Fpgas},
  year       = {2016},
  copyright  = {Creative Commons Attribution 4.0},
  doi        = {10.5281/ZENODO.163283},
  file       = {:bibliografia/21.Fisher-2016-platform_for_testing_and_evaluation_of_puf_and_trng_implementations_in_fpgas.pdf:PDF},
  groups     = {Añadidos a tesis},
  keywords   = {Evaluation platform, Testing, Evaluation, FPGA, SoC, TRNG, PUF, HECTOR},
  publisher  = {Zenodo},
  readstatus = {read},
  timestamp  = {2021-12-21},
}

@Article{Nist2010,
  author    = {Andrew Rukhin and Juan Soto and James Nechvatal and Miles Smid and Elaine Barker and Stefan Leigh and Mark Levenson and Mark Vangel and David Banks and N. Heckert and James Dray and San Vo and Lawrence Bassham},
  journal   = {Softwarea nd SP800-22rev1a.pdf file, last date checked: Feb 28th,2020},
  title     = {A Statistical Test Suite for Random and Pseudorandom Number Generators for Cryptographic Applications},
  year      = {2010},
  groups    = {Añadidos a tesis, Cita agregada},
  timestamp = {2021-12-22},
}

@Comment{jabref-meta: databaseType:bibtex;}

@Comment{jabref-meta: grouping:
0 AllEntriesGroup:;
1 StaticGroup:Añadidos a tesis\;0\;1\;0x00ff00ff\;\;\;;
1 StaticGroup:Cita agregada\;0\;0\;0x6680e6ff\;\;\;;
}
