@Article{GarciaGrimaldo2023,
  author    = {Claudio Garc{\'{\i}}a-Grimaldo and Ciro Fabi{\'{a}}n Bermudez-Marquez and Esteban Tlelo-Cuautle and Eric Campos-Cant{\'{o}}n},
  journal   = {Electronics},
  title     = {{FPGA} Implementation of a Chaotic Map with No Fixed Point},
  year      = {2023},
  month     = {jan},
  number    = {2},
  pages     = {444},
  volume    = {12},
  doi       = {10.3390/electronics12020444},
  publisher = {{MDPI} {AG}},
}

@Article{Vaidyanathan2022,
  author    = {Sundarapandian Vaidyanathan and Aceng Sambas and Esteban Tlelo-Cuautle and Ciro Fabian Bermudez-Marquez and Khaled Benkouider and Samy Abdelwahab Safaan},
  journal   = {Discrete Dynamics in Nature and Society},
  title     = {A New Hyperchaotic Two-Scroll System: Bifurcation Study, Multistability, Circuit Simulation, and {FPGA} Realization},
  year      = {2022},
  month     = {sep},
  pages     = {1--17},
  volume    = {2022},
  doi       = {10.1155/2022/6604684},
  editor    = {Abdellatif Ben Makhlouf},
  publisher = {Hindawi Limited},
}

@Article{Benkouider2022,
  author    = {Khaled Benkouider and Sundarapandian Vaidyanathan and Aceng Sambas and Esteban Tlelo-Cuautle and Ahmed A. Abd El-Latif and Bassem Abd-El-Atty and Ciro Fabian Bermudez-Marquez and Ibrahim Mohammed Sulaiman and Aliyu Muhammed Awwal and Poom Kumam},
  journal   = {{IEEE} Access},
  title     = {A New 5-D Multistable Hyperchaotic System With Three Positive Lyapunov Exponents: Bifurcation Analysis, Circuit Design, {FPGA} Realization and Image Encryption},
  year      = {2022},
  pages     = {90111--90132},
  volume    = {10},
  doi       = {10.1109/access.2022.3197790},
  publisher = {Institute of Electrical and Electronics Engineers ({IEEE})},
}

@Article{Vaidyanathan2022a,
  author  = {Vaidyanathan, S and Moroz, IM and Tielo-Cuautle, E and Sambas, A and Bermudez-Marquez, CF and Safaan, SA},
  journal = {International Journal of Modelling, Identification and Control},
  title   = {Mathematical modelling, bifurcation analysis, circuit design and FPGA implementation of a 5-D hyperchaotic weather fluctuation model with a line of equilibrium points},
  year    = {2022},
}

@Comment{jabref-meta: databaseType:bibtex;}
